<?xml version="1.0" encoding="UTF-8"?>
<!DOCTYPE html PUBLIC "-//W3C//DTD XHTML 1.0 Transitional//EN"
    "http://www.w3.org/TR/xhtml1/DTD/xhtml1-transitional.dtd">
<html xmlns="http://www.w3.org/1999/xhtml" xml:lang="en" lang="en">
 <head>
  <title>
</title>
<meta http-equiv="Content-Type" content="text/html;charset=utf-8" />
  <meta name='ocr-system' content='tesseract 3.04.00' />
  <meta name='ocr-capabilities' content='ocr_page ocr_carea ocr_par ocr_line ocrx_word'/>
</head>
<body>
  <div class='ocr_page' id='page_1' title='image "./ccorneliitaciti03lipsgoog_0045.png"; bbox 0 0 2715 4721; ppageno 0'>
   <div class='ocr_carea' id='block_1_1' title="bbox 233 132 2488 525">
    <p class='ocr_par' dir='ltr' id='par_1_1' title="bbox 233 132 2488 525">
     <span class='ocr_line' id='line_1_1' title="bbox 794 132 2488 325; baseline 0.009 -51"><span class='ocrx_word' id='word_1_1' title='bbox 794 306 803 315; x_wconf 46' lang='lat'><em>‚</em></span> <span class='ocrx_word' id='word_1_2' title='bbox 894 192 952 275; x_wconf 89' lang='lat' dir='ltr'>P</span> <span class='ocrx_word' id='word_1_3' title='bbox 1003 190 1072 273; x_wconf 82' lang='lat' dir='ltr'>R</span> <span class='ocrx_word' id='word_1_4' title='bbox 1116 150 1491 319; x_wconf 58' lang='lat' dir='ltr'>A&#39;EFA</span> <span class='ocrx_word' id='word_1_5' title='bbox 1531 194 1798 283; x_wconf 69' lang='lat' dir='ltr'><strong>Tio</strong></span> <span class='ocrx_word' id='word_1_6' title='bbox 1953 132 2396 325; x_wconf 36' lang='lat' dir='ltr'><strong>’=.x²txvxt</strong></span> <span class='ocrx_word' id='word_1_7' title='bbox 2485 172 2488 177; x_wconf 10' lang='grc' dir='ltr'><strong>λ</strong></span> 
     </span>
     <span class='ocr_line' id='line_1_2' title="bbox 233 330 2451 525; baseline 0.008 -56"><span class='ocrx_word' id='word_1_8' title='bbox 233 385 640 525; x_wconf 60' lang='grc' dir='ltr'><strong>Ρξιπίδιιε.</strong></span> <span class='ocrx_word' id='word_1_9' title='bbox 670 388 707 459; x_wconf 93' lang='lat'><strong>&#39;.</strong></span> <span class='ocrx_word' id='word_1_10' title='bbox 752 390 1101 481; x_wconf 62' lang='lat' dir='ltr'><strong>vieiffim</strong></span> <span class='ocrx_word' id='word_1_11' title='bbox 1126 388 1476 498; x_wconf 76' lang='lat' dir='ltr'><strong>pluribus</strong></span> <span class='ocrx_word' id='word_1_12' title='bbox 1494 388 1690 477; x_wconf 82' lang='lat' dir='ltr'><strong>locis</strong></span> <span class='ocrx_word' id='word_1_13' title='bbox 1715 391 2056 481; x_wconf 66' lang='lat' dir='ltr'><strong>eiiedtio</strong></span> <span class='ocrx_word' id='word_1_14' title='bbox 2081 397 2380 497; x_wconf 63' lang='lat' dir='ltr'><strong>editio-²,</strong></span> <span class='ocrx_word' id='word_1_15' title='bbox 2444 330 2451 413; x_wconf 33' lang='grc' dir='ltr'>ἶ</span> 
     </span>
    </p>
   </div>
   <div class='ocr_carea' id='block_1_2' title="bbox 190 499 2432 4234">
    <p class='ocr_par' dir='ltr' id='par_1_2' title="bbox 190 499 2432 4234">
     <span class='ocr_line' id='line_1_3' title="bbox 232 499 2366 611; baseline 0.006 -23"><span class='ocrx_word' id='word_1_16' title='bbox 232 531 377 588; x_wconf 82' lang='lat' dir='ltr'><strong>ms</strong></span> <span class='ocrx_word' id='word_1_17' title='bbox 405 509 715 611; x_wconf 80' lang='lat' dir='ltr'><strong>primae</strong></span> <span class='ocrx_word' id='word_1_18' title='bbox 733 509 1009 611; x_wconf 75' lang='lat' dir='ltr'><strong>ignota</strong></span> <span class='ocrx_word' id='word_1_19' title='bbox 1048 499 1249 589; x_wconf 48' lang='lat' dir='ltr'><strong>suita</strong></span> <span class='ocrx_word' id='word_1_20' title='bbox 1315 511 1520 590; x_wconf 82' lang='lat' dir='ltr'><strong>Nam</strong></span> <span class='ocrx_word' id='word_1_21' title='bbox 1562 530 1712 611; x_wconf 90' lang='lat' dir='ltr'><strong>pro</strong></span> <span class='ocrx_word' id='word_1_22' title='bbox 1751 506 2189 596; x_wconf 70' lang='lat' dir='ltr'><strong>coniestura</strong></span> <span class='ocrx_word' id='word_1_23' title='bbox 2229 515 2366 603; x_wconf 81' lang='lat' dir='ltr'><strong>sua·</strong></span> 
     </span>
     <span class='ocr_line' id='line_1_4' title="bbox 236 615 2418 730; baseline 0.004 -29"><span class='ocrx_word' id='word_1_24' title='bbox 236 617 669 701; x_wconf 75' lang='lat' dir='ltr'><strong>interdum</strong></span> <span class='ocrx_word' id='word_1_25' title='bbox 684 615 959 721; x_wconf 73' lang='lat' dir='ltr'><strong>adfert,</strong></span> <span class='ocrx_word' id='word_1_26' title='bbox 1016 616 1237 730; x_wconf 92' lang='lat' dir='ltr'><strong>quod</strong></span> <span class='ocrx_word' id='word_1_27' title='bbox 1270 618 1376 699; x_wconf 80' lang='lat' dir='ltr'><strong>est</strong></span> <span class='ocrx_word' id='word_1_28' title='bbox 1402 621 1494 700; x_wconf 41' lang='lat' dir='ltr'><strong>inx</strong></span> <span class='ocrx_word' id='word_1_29' title='bbox 1515 617 1642 702; x_wconf 83' lang='lat' dir='ltr'><strong>illa</strong></span> <span class='ocrx_word' id='word_1_30' title='bbox 1674 620 2036 709; x_wconf 83' lang='lat' dir='ltr'><strong>editione.</strong></span> <span class='ocrx_word' id='word_1_31' title='bbox 2150 628 2358 716; x_wconf 82' lang='lat' dir='ltr'><strong>Vide·</strong></span> <span class='ocrx_word' id='word_1_32' title='bbox 2415 704 2418 709; x_wconf 87' lang='lat'>.</span> 
     </span>
     <span class='ocr_line' id='line_1_5' title="bbox 241 728 2356 841; baseline 0.005 -29"><span class='ocrx_word' id='word_1_33' title='bbox 241 760 317 814; x_wconf 85' lang='lat' dir='ltr'><strong>e.</strong></span> <span class='ocrx_word' id='word_1_34' title='bbox 332 758 403 811; x_wconf 91' lang='lat' dir='ltr'><strong>c.</strong></span> <span class='ocrx_word' id='word_1_35' title='bbox 440 751 673 813; x_wconf 86' lang='lat' dir='ltr'><strong>notas</strong></span> <span class='ocrx_word' id='word_1_36' title='bbox 696 732 993 812; x_wconf 78' lang='lat' dir='ltr'><strong>nostras</strong></span> <span class='ocrx_word' id='word_1_37' title='bbox 1024 728 1637 835; x_wconf 74' lang='lat' dir='ltr'><strong>adA.XV‚23,3.</strong></span> <span class='ocrx_word' id='word_1_38' title='bbox 1696 760 1823 838; x_wconf 83' lang='lat'><strong>30,</strong></span> <span class='ocrx_word' id='word_1_39' title='bbox 1841 735 1912 817; x_wconf 90' lang='lat'><strong>6.</strong></span> <span class='ocrx_word' id='word_1_40' title='bbox 1966 763 2076 841; x_wconf 82' lang='lat'><strong>33,</strong></span> <span class='ocrx_word' id='word_1_41' title='bbox 2096 766 2161 822; x_wconf 86' lang='lat'><strong>2.</strong></span> <span class='ocrx_word' id='word_1_42' title='bbox 2195 764 2356 823; x_wconf 79' lang='lat' dir='ltr'><strong>etc.¹</strong></span> 
     </span>
     <span class='ocr_line' id='line_1_6' title="bbox 236 841 2347 958; baseline 0.004 -30"><span class='ocrx_word' id='word_1_43' title='bbox 236 851 384 928; x_wconf 88' lang='lat' dir='ltr'><strong>Per</strong></span> <span class='ocrx_word' id='word_1_44' title='bbox 409 847 839 927; x_wconf 83' lang='lat' dir='ltr'><strong>vanitatem</strong></span> <span class='ocrx_word' id='word_1_45' title='bbox 869 842 1197 958; x_wconf 87' lang='lat' dir='ltr'><strong>quidem</strong></span> <span class='ocrx_word' id='word_1_46' title='bbox 1218 871 1402 927; x_wconf 87' lang='lat' dir='ltr'><strong>eum</strong></span> <span class='ocrx_word' id='word_1_47' title='bbox 1427 841 1665 930; x_wconf 85' lang='lat' dir='ltr'><strong>aliena</strong></span> <span class='ocrx_word' id='word_1_48' title='bbox 1694 864 1846 952; x_wconf 88' lang='lat' dir='ltr'><strong>pro</strong></span> <span class='ocrx_word' id='word_1_49' title='bbox 1888 848 2038 931; x_wconf 89' lang='lat' dir='ltr'><strong>suis</strong></span> <span class='ocrx_word' id='word_1_50' title='bbox 2073 856 2347 936; x_wconf 87' lang='lat' dir='ltr'><strong>vendi-</strong></span> 
     </span>
     <span class='ocr_line' id='line_1_7' title="bbox 235 954 2338 1058; baseline -0.001 -17"><span class='ocrx_word' id='word_1_51' title='bbox 235 957 470 1058; x_wconf 65' lang='lat' dir='ltr'><strong>affe,</strong></span> <span class='ocrx_word' id='word_1_52' title='bbox 535 984 697 1040; x_wconf 90' lang='lat' dir='ltr'><strong>non</strong></span> <span class='ocrx_word' id='word_1_53' title='bbox 726 959 847 1041; x_wconf 85' lang='lat' dir='ltr'><strong>est·</strong></span> <span class='ocrx_word' id='word_1_54' title='bbox 872 962 1067 1039; x_wconf 83' lang='lat' dir='ltr'><strong>vero</strong></span> <span class='ocrx_word' id='word_1_55' title='bbox 1100 954 1364 1040; x_wconf 82' lang='lat' dir='ltr'><strong>sunile.</strong></span> <span class='ocrx_word' id='word_1_56' title='bbox 1476 958 1723 1042; x_wconf 85' lang='lat' dir='ltr'><strong>Cuius</strong></span> <span class='ocrx_word' id='word_1_57' title='bbox 1762 961 2131 1053; x_wconf 81' lang='lat' dir='ltr'>editionis</span> <span class='ocrx_word' id='word_1_58' title='bbox 2169 968 2338 1049; x_wconf 83' lang='lat' dir='ltr'><strong>tex..</strong></span> 
     </span>
     <span class='ocr_line' id='line_1_8' title="bbox 231 1068 2336 1183; baseline 0.004 -30"><span class='ocrx_word' id='word_1_59' title='bbox 231 1093 416 1179; x_wconf 79' lang='lat' dir='ltr'><strong>tum</strong></span> <span class='ocrx_word' id='word_1_60' title='bbox 446 1090 629 1155; x_wconf 81' lang='lat' dir='ltr'><strong>ante</strong></span> <span class='ocrx_word' id='word_1_61' title='bbox 672 1068 947 1153; x_wconf 83' lang='lat' dir='ltr'><strong>oculos</strong></span> <span class='ocrx_word' id='word_1_62' title='bbox 985 1068 1343 1155; x_wconf 73' lang='lat' dir='ltr'><strong>habuerit</strong></span> <span class='ocrx_word' id='word_1_63' title='bbox 1369 1069 1704 1177; x_wconf 77' lang='lat' dir='ltr'><strong>Lipsius,</strong></span> <span class='ocrx_word' id='word_1_64' title='bbox 1750 1101 1936 1183; x_wconf 77' lang='lat' dir='ltr'><strong>cum</strong></span> <span class='ocrx_word' id='word_1_65' title='bbox 1975 1075 2336 1162; x_wconf 73' lang='lat' dir='ltr'><strong>scriberet·</strong></span> 
     </span>
     <span class='ocr_line' id='line_1_9' title="bbox 226 1183 2328 1297; baseline 0.004 -31"><span class='ocrx_word' id='word_1_66' title='bbox 226 1204 503 1285; x_wconf 66' lang='grc' dir='ltr'><strong>ποίεε,</strong></span> <span class='ocrx_word' id='word_1_67' title='bbox 561 1183 988 1294; x_wconf 83' lang='lat' dir='ltr'><strong>praelisque</strong></span> <span class='ocrx_word' id='word_1_68' title='bbox 1011 1183 1654 1288; x_wconf 80' lang='lat' dir='ltr'><strong>accommodarit,</strong></span> <span class='ocrx_word' id='word_1_69' title='bbox 1704 1189 2059 1272; x_wconf 86' lang='lat' dir='ltr'><strong>nondum</strong></span> <span class='ocrx_word' id='word_1_70' title='bbox 2101 1197 2328 1297; x_wconf 90' lang='lat' dir='ltr'><strong>potui</strong></span> 
     </span>
     <span class='ocr_line' id='line_1_10' title="bbox 224 1290 2327 1406; baseline 0.006 -29"><span class='ocrx_word' id='word_1_71' title='bbox 224 1301 606 1406; x_wconf 70' lang='lat' dir='ltr'><strong>repeuire.</strong></span> <span class='ocrx_word' id='word_1_72' title='bbox 659 1296 1026 1404; x_wconf 74' lang='lat' dir='ltr'><strong>vulgatus</strong></span> <span class='ocrx_word' id='word_1_73' title='bbox 1057 1315 1230 1380; x_wconf 85' lang='lat' dir='ltr'><strong>tum</strong></span> <span class='ocrx_word' id='word_1_74' title='bbox 1242 1316 1520 1397; x_wconf 62' lang='lat' dir='ltr'><strong>,textus</strong></span> <span class='ocrx_word' id='word_1_75' title='bbox 1544 1318 1704 1383; x_wconf 78' lang='lat' dir='ltr'><strong>erat</strong></span> <span class='ocrx_word' id='word_1_76' title='bbox 1733 1300 2100 1387; x_wconf 86' lang='lat' dir='ltr'><strong>Rhenani.</strong></span> <span class='ocrx_word' id='word_1_77' title='bbox 2139 1290 2150 1303; x_wconf 67' lang='grc'>’</span> <span class='ocrx_word' id='word_1_78' title='bbox 2183 1311 2327 1389; x_wconf 82' lang='lat' dir='ltr'><strong>lta-</strong></span> 
     </span>
     <span class='ocr_line' id='line_1_11' title="bbox 224 1408 2367 1528; baseline 0.004 -35"><span class='ocrx_word' id='word_1_79' title='bbox 224 1438 606 1522; x_wconf 85' lang='lat' dir='ltr'><strong>que‚cum</strong></span> <span class='ocrx_word' id='word_1_80' title='bbox 620 1408 917 1494; x_wconf 84' lang='lat' dir='ltr'><strong>dudum</strong></span> <span class='ocrx_word' id='word_1_81' title='bbox 931 1409 2072 1520; x_wconf 53' lang='lat' dir='ltr'><strong>deprehendfflenuleffionem,</strong></span> <span class='ocrx_word' id='word_1_82' title='bbox 2091 1444 2336 1528; x_wconf 84' lang='lat' dir='ltr'><strong>quam·</strong></span> <span class='ocrx_word' id='word_1_83' title='bbox 2362 1416 2367 1427; x_wconf 78' lang='grc'><strong>’</strong></span> 
     </span>
     <span class='ocr_line' id='line_1_12' title="bbox 225 1524 2330 1634; baseline 0.003 -27"><span class='ocrx_word' id='word_1_84' title='bbox 225 1524 392 1633; x_wconf 87' lang='lat' dir='ltr'><strong>ipse</strong></span> <span class='ocrx_word' id='word_1_85' title='bbox 433 1529 782 1632; x_wconf 76' lang='lat' dir='ltr'><em>vulgatam</em></span> <span class='ocrx_word' id='word_1_86' title='bbox 800 1543 1076 1628; x_wconf 62' lang='lat' dir='ltr'><strong>vocat,</strong></span> <span class='ocrx_word' id='word_1_87' title='bbox 1120 1551 1304 1607; x_wconf 85' lang='lat' dir='ltr'><strong>·non</strong></span> <span class='ocrx_word' id='word_1_88' title='bbox 1326 1525 1628 1634; x_wconf 86' lang='lat' dir='ltr'><strong>semper</strong></span> <span class='ocrx_word' id='word_1_89' title='bbox 1656 1528 2086 1613; x_wconf 88' lang='lat' dir='ltr'><strong>consentire</strong></span> <span class='ocrx_word' id='word_1_90' title='bbox 2140 1558 2330 1621; x_wconf 86' lang='lat' dir='ltr'><strong>cum</strong></span> 
     </span>
     <span class='ocr_line' id='line_1_13' title="bbox 220 1635 2328 1746; baseline 0.003 -24"><span class='ocrx_word' id='word_1_91' title='bbox 220 1635 575 1722; x_wconf 65' lang='lat' dir='ltr'><strong>leaione</strong></span> <span class='ocrx_word' id='word_1_92' title='bbox 617 1635 978 1743; x_wconf 79' lang='lat' dir='ltr'><strong>editionis</strong></span> <span class='ocrx_word' id='word_1_93' title='bbox 1016 1641 1307 1746; x_wconf 82' lang='lat' dir='ltr'><strong>primae</strong></span> <span class='ocrx_word' id='word_1_94' title='bbox 1350 1638 1732 1743; x_wconf 89' lang='lat' dir='ltr'><strong>Rhenani,</strong></span> <span class='ocrx_word' id='word_1_95' title='bbox 1788 1647 2004 1737; x_wconf 76' lang='lat' dir='ltr'><strong>euius</strong></span> <span class='ocrx_word' id='word_1_96' title='bbox 2053 1670 2328 1728; x_wconf 78' lang='lat' dir='ltr'><strong>exem--</strong></span> 
     </span>
     <span class='ocr_line' id='line_1_14' title="bbox 220 1748 2316 1865; baseline 0.003 -30"><span class='ocrx_word' id='word_1_97' title='bbox 220 1752 451 1860; x_wconf 83' lang='lat' dir='ltr'><strong>plum</strong></span> <span class='ocrx_word' id='word_1_98' title='bbox 481 1748 933 1834; x_wconf 81' lang='lat' dir='ltr'><strong>inmanibus</strong></span> <span class='ocrx_word' id='word_1_99' title='bbox 962 1770 1145 1855; x_wconf 85' lang='lat' dir='ltr'><strong>erat,</strong></span> <span class='ocrx_word' id='word_1_100' title='bbox 1182 1749 1576 1865; x_wconf 75' lang='lat' dir='ltr'><strong>putabam,</strong></span> <span class='ocrx_word' id='word_1_101' title='bbox 1595 1752 1987 1839; x_wconf 75' lang='lat' dir='ltr'><strong>secundae</strong></span> <span class='ocrx_word' id='word_1_102' title='bbox 2016 1756 2316 1842; x_wconf 83' lang='lat' dir='ltr'><strong>Rhena-</strong></span> 
     </span>
     <span class='ocr_line' id='line_1_15' title="bbox 222 1862 2324 1975; baseline 0.003 -28"><span class='ocrx_word' id='word_1_103' title='bbox 222 1871 306 1947; x_wconf 90' lang='lat' dir='ltr'><strong>ni</strong></span> <span class='ocrx_word' id='word_1_104' title='bbox 328 1863 716 1949; x_wconf 68' lang='lat' dir='ltr'><strong>lestiones</strong></span> <span class='ocrx_word' id='word_1_105' title='bbox 738 1862 1090 1972; x_wconf 74' lang='lat' dir='ltr'><strong>intelligi.</strong></span> <span class='ocrx_word' id='word_1_106' title='bbox 1199 1864 1351 1951; x_wconf 87' lang='lat' dir='ltr'><strong>Sed</strong></span> <span class='ocrx_word' id='word_1_107' title='bbox 1380 1891 1467 1947; x_wconf 87' lang='lat' dir='ltr'><strong>ea</strong></span> <span class='ocrx_word' id='word_1_108' title='bbox 1502 1868 2002 1972; x_wconf 86' lang='lat' dir='ltr'><strong>comparanda</strong></span> <span class='ocrx_word' id='word_1_109' title='bbox 2041 1870 2324 1975; x_wconf 62' lang='lat' dir='ltr'><strong>didici,</strong></span> 
     </span>
     <span class='ocr_line' id='line_1_16' title="bbox 224 1970 2304 2092; baseline 0.003 -32"><span class='ocrx_word' id='word_1_110' title='bbox 224 1984 306 2061; x_wconf 85' lang='lat' dir='ltr'><strong>in</strong></span> <span class='ocrx_word' id='word_1_111' title='bbox 344 1970 744 2062; x_wconf 81' lang='lat' dir='ltr'><strong>nonnullis</strong></span> <span class='ocrx_word' id='word_1_112' title='bbox 782 1975 1105 2092; x_wconf 84' lang='lat' dir='ltr'><strong>quidem</strong></span> <span class='ocrx_word' id='word_1_113' title='bbox 1141 1974 1339 2060; x_wconf 88' lang='lat' dir='ltr'><strong>locis</strong></span> <span class='ocrx_word' id='word_1_114' title='bbox 1374 1982 1479 2059; x_wconf 89' lang='lat' dir='ltr'><strong>ita</strong></span> <span class='ocrx_word' id='word_1_115' title='bbox 1523 1976 1709 2081; x_wconf 82' lang='lat' dir='ltr'><strong>esse,</strong></span> <span class='ocrx_word' id='word_1_116' title='bbox 1763 2000 1849 2061; x_wconf 90' lang='lat' dir='ltr'><strong>ut</strong></span> <span class='ocrx_word' id='word_1_117' title='bbox 1885 1982 2304 2088; x_wconf 86' lang='lat' dir='ltr'><strong>suspicatus</strong></span> 
     </span>
     <span class='ocr_line' id='line_1_17' title="bbox 224 2087 2306 2201; baseline 0.002 -26"><span class='ocrx_word' id='word_1_118' title='bbox 224 2120 466 2194; x_wconf 88' lang='lat' dir='ltr'><strong>eram,</strong></span> <span class='ocrx_word' id='word_1_119' title='bbox 531 2091 660 2173; x_wconf 89' lang='lat' dir='ltr'><strong>sed</strong></span> <span class='ocrx_word' id='word_1_120' title='bbox 693 2088 987 2198; x_wconf 75' lang='lat' dir='ltr'><strong>plureS,</strong></span> <span class='ocrx_word' id='word_1_121' title='bbox 1035 2115 1219 2201; x_wconf 81' lang='lat' dir='ltr'><strong>quas</strong></span> <span class='ocrx_word' id='word_1_122' title='bbox 1244 2087 1372 2187; x_wconf 78' lang='lat' dir='ltr'><strong>ille</strong></span> <span class='ocrx_word' id='word_1_123' title='bbox 1403 2088 1737 2197; x_wconf 84' lang='lat' dir='ltr'><strong>vulgatas</strong></span> <span class='ocrx_word' id='word_1_124' title='bbox 1761 2088 2135 2175; x_wconf 73' lang='lat' dir='ltr'><strong>lestiones</strong></span> <span class='ocrx_word' id='word_1_125' title='bbox 2163 2124 2306 2179; x_wconf 53' lang='lat' dir='ltr'><strong>vo„</strong></span> 
     </span>
     <span class='ocr_line' id='line_1_18' title="bbox 224 2202 2308 2318; baseline 0.002 -31"><span class='ocrx_word' id='word_1_126' title='bbox 224 2226 371 2307; x_wconf 85' lang='lat' dir='ltr'><strong>cet,</strong></span> <span class='ocrx_word' id='word_1_127' title='bbox 426 2230 575 2287; x_wconf 87' lang='lat' dir='ltr'><strong>nec</strong></span> <span class='ocrx_word' id='word_1_128' title='bbox 600 2202 734 2306; x_wconf 91' lang='lat' dir='ltr'><strong>ibi,</strong></span> <span class='ocrx_word' id='word_1_129' title='bbox 766 2203 915 2287; x_wconf 80' lang='lat' dir='ltr'><strong>nec</strong></span> <span class='ocrx_word' id='word_1_130' title='bbox 943 2210 1023 2288; x_wconf 90' lang='lat' dir='ltr'><strong>in</strong></span> <span class='ocrx_word' id='word_1_131' title='bbox 1052 2203 1199 2286; x_wconf 76' lang='lat' dir='ltr'><strong>ulla</strong></span> <span class='ocrx_word' id='word_1_132' title='bbox 1224 2203 1371 2287; x_wconf 85' lang='lat' dir='ltr'><strong>alia</strong></span> <span class='ocrx_word' id='word_1_133' title='bbox 1400 2202 1912 2312; x_wconf 88' lang='lat' dir='ltr'><strong>superiorum,</strong></span> <span class='ocrx_word' id='word_1_134' title='bbox 1957 2233 2138 2318; x_wconf 89' lang='lat' dir='ltr'><strong>quas</strong></span> <span class='ocrx_word' id='word_1_135' title='bbox 2166 2207 2308 2292; x_wconf 72' lang='lat' dir='ltr'><strong>ha-¹</strong></span> 
     </span>
     <span class='ocr_line' id='line_1_19' title="bbox 227 2314 2299 2429; baseline 0.001 -28"><span class='ocrx_word' id='word_1_136' title='bbox 227 2318 530 2429; x_wconf 85' lang='lat' dir='ltr'><strong>berem,</strong></span> <span class='ocrx_word' id='word_1_137' title='bbox 590 2321 924 2426; x_wconf 77' lang='lat' dir='ltr'><strong>reperiri.</strong></span> <span class='ocrx_word' id='word_1_138' title='bbox 1032 2317 1255 2404; x_wconf 88' lang='lat' dir='ltr'><strong>Vnde</strong></span> <span class='ocrx_word' id='word_1_139' title='bbox 1280 2314 1589 2426; x_wconf 85' lang='lat' dir='ltr'><strong>planum</strong></span> <span class='ocrx_word' id='word_1_140' title='bbox 1621 2317 1762 2422; x_wconf 87' lang='lat' dir='ltr'><strong>est,</strong></span> <span class='ocrx_word' id='word_1_141' title='bbox 1823 2324 2114 2402; x_wconf 85' lang='lat' dir='ltr'><strong>eumin</strong></span> <span class='ocrx_word' id='word_1_142' title='bbox 2139 2347 2299 2404; x_wconf 64' lang='lat' dir='ltr'><strong>ma,</strong></span> 
     </span>
     <span class='ocr_line' id='line_1_20' title="bbox 222 2428 2298 2542; baseline 0.001 -28"><span class='ocrx_word' id='word_1_143' title='bbox 222 2430 446 2515; x_wconf 87' lang='lat' dir='ltr'><strong>nibus</strong></span> <span class='ocrx_word' id='word_1_144' title='bbox 504 2451 730 2542; x_wconf 87' lang='lat' dir='ltr'><strong>atque</strong></span> <span class='ocrx_word' id='word_1_145' title='bbox 789 2458 964 2538; x_wconf 88' lang='lat' dir='ltr'><strong>prae</strong></span> <span class='ocrx_word' id='word_1_146' title='bbox 1010 2429 1258 2514; x_wconf 84' lang='lat' dir='ltr'><strong>oculis</strong></span> <span class='ocrx_word' id='word_1_147' title='bbox 1310 2428 1645 2516; x_wconf 74' lang='lat' dir='ltr'><strong>habuiffe</strong></span> <span class='ocrx_word' id='word_1_148' title='bbox 1700 2432 2125 2530; x_wconf 83' lang='lat' dir='ltr'><strong>editionem</strong></span> <span class='ocrx_word' id='word_1_149' title='bbox 2168 2435 2298 2517; x_wconf 84' lang='lat' dir='ltr'><strong>ali-</strong></span> 
     </span>
     <span class='ocr_line' id='line_1_21' title="bbox 222 2543 2302 2657; baseline 0.003 -31"><span class='ocrx_word' id='word_1_150' title='bbox 222 2572 444 2655; x_wconf 87' lang='lat' dir='ltr'><strong>quam</strong></span> <span class='ocrx_word' id='word_1_151' title='bbox 474 2543 1052 2652; x_wconf 87' lang='lat' dir='ltr'><strong>ignobiliorem,</strong></span> <span class='ocrx_word' id='word_1_152' title='bbox 1068 2548 1151 2626; x_wconf 88' lang='lat' dir='ltr'><strong>in</strong></span> <span class='ocrx_word' id='word_1_153' title='bbox 1174 2569 1322 2657; x_wconf 90' lang='lat' dir='ltr'><strong>qua</strong></span> <span class='ocrx_word' id='word_1_154' title='bbox 1338 2565 1644 2654; x_wconf 85' lang='lat' dir='ltr'><strong>peccata</strong></span> <span class='ocrx_word' id='word_1_155' title='bbox 1665 2543 2034 2627; x_wconf 87' lang='lat' dir='ltr'><strong>secundae</strong></span> <span class='ocrx_word' id='word_1_156' title='bbox 2051 2547 2302 2634; x_wconf 49' lang='lat' dir='ltr'><strong>Rhea,</strong></span> 
     </span>
     <span class='ocr_line' id='line_1_22' title="bbox 222 2653 2294 2769; baseline 0 -28"><span class='ocrx_word' id='word_1_157' title='bbox 222 2656 432 2742; x_wconf 67' lang='lat' dir='ltr'><strong>austa</strong></span> <span class='ocrx_word' id='word_1_158' title='bbox 457 2663 687 2741; x_wconf 84' lang='lat' dir='ltr'><strong>novis</strong></span> <span class='ocrx_word' id='word_1_159' title='bbox 713 2657 985 2761; x_wconf 79' lang='lat' dir='ltr'><strong>effent,</strong></span> <span class='ocrx_word' id='word_1_160' title='bbox 1034 2653 1387 2769; x_wconf 84' lang='lat' dir='ltr'><strong>quaeille</strong></span> <span class='ocrx_word' id='word_1_161' title='bbox 1408 2681 1554 2765; x_wconf 87' lang='lat' dir='ltr'><strong>pro</strong></span> <span class='ocrx_word' id='word_1_162' title='bbox 1587 2653 1906 2766; x_wconf 71' lang='lat' dir='ltr'><strong>vulgatis</strong></span> <span class='ocrx_word' id='word_1_163' title='bbox 1937 2655 2294 2743; x_wconf 70' lang='lat' dir='ltr'><strong>lestioni-</strong></span> 
     </span>
     <span class='ocr_line' id='line_1_23' title="bbox 225 2767 2298 2881; baseline 0.001 -26"><span class='ocrx_word' id='word_1_164' title='bbox 225 2771 357 2855; x_wconf 89' lang='lat' dir='ltr'><strong>bus</strong></span> <span class='ocrx_word' id='word_1_165' title='bbox 388 2769 747 2874; x_wconf 85' lang='lat' dir='ltr'><strong>haberet,</strong></span> <span class='ocrx_word' id='word_1_166' title='bbox 795 2771 894 2854; x_wconf 89' lang='lat' dir='ltr'><strong>de</strong></span> <span class='ocrx_word' id='word_1_167' title='bbox 934 2797 1156 2853; x_wconf 89' lang='lat' dir='ltr'><strong>more</strong></span> <span class='ocrx_word' id='word_1_168' title='bbox 1198 2768 1489 2856; x_wconf 82' lang='lat' dir='ltr'><strong>seilicet</strong></span> <span class='ocrx_word' id='word_1_169' title='bbox 1531 2767 1859 2876; x_wconf 82' lang='lat' dir='ltr'><strong>vulgari,</strong></span> <span class='ocrx_word' id='word_1_170' title='bbox 1908 2797 2067 2881; x_wconf 91' lang='lat' dir='ltr'><strong>quo</strong></span> <span class='ocrx_word' id='word_1_171' title='bbox 2116 2801 2298 2857; x_wconf 74' lang='lat' dir='ltr'><strong>eant</strong></span> 
     </span>
     <span class='ocr_line' id='line_1_24' title="bbox 229 2880 2291 2999; baseline 0 -30"><span class='ocrx_word' id='word_1_172' title='bbox 229 2888 547 2999; x_wconf 86' lang='lat' dir='ltr'><strong>quisque</strong></span> <span class='ocrx_word' id='word_1_173' title='bbox 574 2883 955 2992; x_wconf 77' lang='lat' dir='ltr'><strong>vulgatam</strong></span> <span class='ocrx_word' id='word_1_174' title='bbox 980 2902 1215 2989; x_wconf 88' lang='lat' dir='ltr'><strong>putat,</strong></span> <span class='ocrx_word' id='word_1_175' title='bbox 1239 2906 1473 2991; x_wconf 82' lang='lat' dir='ltr'><strong>quam</strong></span> <span class='ocrx_word' id='word_1_176' title='bbox 1498 2883 1580 2964; x_wconf 88' lang='lat' dir='ltr'><strong>in</strong></span> <span class='ocrx_word' id='word_1_177' title='bbox 1606 2880 1750 2966; x_wconf 88' lang='lat' dir='ltr'><strong>suo</strong></span> <span class='ocrx_word' id='word_1_178' title='bbox 1783 2885 2143 2994; x_wconf 84' lang='lat' dir='ltr'><strong>exemplo</strong></span> <span class='ocrx_word' id='word_1_179' title='bbox 2173 2893 2291 2969; x_wconf 86' lang='lat' dir='ltr'><strong>in-</strong></span> 
     </span>
     <span class='ocr_line' id='line_1_25' title="bbox 229 2993 2382 3103; baseline 0.001 -24"><span class='ocrx_word' id='word_1_180' title='bbox 229 3004 449 3081; x_wconf 83' lang='lat' dir='ltr'><strong>venit.</strong></span> <span class='ocrx_word' id='word_1_181' title='bbox 514 3005 616 3080; x_wconf 85' lang='lat' dir='ltr'><strong>Ea</strong></span> <span class='ocrx_word' id='word_1_182' title='bbox 703 3024 841 3081; x_wconf 89' lang='lat' dir='ltr'><strong>uae</strong></span> <span class='ocrx_word' id='word_1_183' title='bbox 868 2994 980 3099; x_wconf 86' lang='lat' dir='ltr'><strong>fit,</strong></span> <span class='ocrx_word' id='word_1_184' title='bbox 1010 2993 1364 3079; x_wconf 88' lang='lat' dir='ltr'><strong>nondum</strong></span> <span class='ocrx_word' id='word_1_185' title='bbox 1387 2998 1615 3101; x_wconf 89' lang='lat' dir='ltr'><strong>potui</strong></span> <span class='ocrx_word' id='word_1_186' title='bbox 1640 3000 1993 3103; x_wconf 87' lang='lat' dir='ltr'><strong>reperire.</strong></span> <span class='ocrx_word' id='word_1_187' title='bbox 2071 3005 2294 3083; x_wconf 87' lang='lat' dir='ltr'><strong>Loca·</strong></span> <span class='ocrx_word' id='word_1_188' title='bbox 2374 3045 2382 3092; x_wconf 64' lang='lat' dir='ltr'>f</span> 
     </span>
     <span class='ocr_line' id='line_1_26' title="bbox 228 3105 2285 3223; baseline 0 -30"><span class='ocrx_word' id='word_1_189' title='bbox 228 3111 538 3223; x_wconf 82' lang='lat' dir='ltr'><strong>quidem</strong></span> <span class='ocrx_word' id='word_1_190' title='bbox 567 3116 647 3220; x_wconf 88' lang='lat' dir='ltr'><strong>ip</strong></span> <span class='ocrx_word' id='word_1_191' title='bbox 680 3136 721 3191; x_wconf 87' lang='lat' dir='ltr'><strong>a</strong></span> <span class='ocrx_word' id='word_1_192' title='bbox 751 3114 1040 3211; x_wconf 89' lang='lat' dir='ltr'><strong>notavi,</strong></span> <span class='ocrx_word' id='word_1_193' title='bbox 1073 3133 1416 3220; x_wconf 86' lang='lat' dir='ltr'><strong>quorum</strong></span> <span class='ocrx_word' id='word_1_194' title='bbox 1439 3105 1732 3190; x_wconf 87' lang='lat' dir='ltr'><strong>indicio</strong></span> <span class='ocrx_word' id='word_1_195' title='bbox 1767 3107 1890 3191; x_wconf 85' lang='lat' dir='ltr'><strong>alii</strong></span> <span class='ocrx_word' id='word_1_196' title='bbox 1917 3131 2285 3218; x_wconf 80' lang='lat' dir='ltr'><strong>poterunt</strong></span> 
     </span>
     <span class='ocr_line' id='line_1_27' title="bbox 223 3215 2286 3333; baseline 0.001 -27"><span class='ocrx_word' id='word_1_197' title='bbox 223 3252 377 3306; x_wconf 85' lang='lat' dir='ltr'><strong>rem</strong></span> <span class='ocrx_word' id='word_1_198' title='bbox 404 3222 1003 3333; x_wconf 84' lang='lat' dir='ltr'><strong>deprehendere,</strong></span> <span class='ocrx_word' id='word_1_199' title='bbox 1034 3220 1084 3302; x_wconf 89' lang='lat' dir='ltr'><strong>fi</strong></span> <span class='ocrx_word' id='word_1_200' title='bbox 1116 3224 1255 3331; x_wconf 88' lang='lat' dir='ltr'><strong>qui</strong></span> <span class='ocrx_word' id='word_1_201' title='bbox 1278 3215 1487 3304; x_wconf 87' lang='lat' dir='ltr'><strong>forte</strong></span> <span class='ocrx_word' id='word_1_202' title='bbox 1518 3217 1715 3303; x_wconf 86' lang='lat' dir='ltr'><strong>illius</strong></span> <span class='ocrx_word' id='word_1_203' title='bbox 1747 3220 1973 3330; x_wconf 86' lang='lat' dir='ltr'><strong>ipfius</strong></span> <span class='ocrx_word' id='word_1_204' title='bbox 2001 3223 2286 3308; x_wconf 87' lang='lat' dir='ltr'><strong>editio-</strong></span> 
     </span>
     <span class='ocr_line' id='line_1_28' title="bbox 222 3332 2281 3443; baseline 0 -24"><span class='ocrx_word' id='word_1_205' title='bbox 222 3343 326 3419; x_wconf 88' lang='lat' dir='ltr'><strong>nis</strong></span> <span class='ocrx_word' id='word_1_206' title='bbox 354 3335 799 3443; x_wconf 87' lang='lat' dir='ltr'><strong>exemplum</strong></span> <span class='ocrx_word' id='word_1_207' title='bbox 828 3333 1179 3436; x_wconf 81' lang='lat' dir='ltr'><strong>habeant,</strong></span> <span class='ocrx_word' id='word_1_208' title='bbox 1210 3353 1291 3418; x_wconf 87' lang='lat' dir='ltr'><strong>et</strong></span> <span class='ocrx_word' id='word_1_209' title='bbox 1316 3333 1705 3418; x_wconf 85' lang='lat' dir='ltr'><strong>attendere</strong></span> <span class='ocrx_word' id='word_1_210' title='bbox 1731 3332 1987 3418; x_wconf 85' lang='lat' dir='ltr'><strong>velint.</strong></span> <span class='ocrx_word' id='word_1_211' title='bbox 2089 3339 2281 3420; x_wconf 78' lang='lat' dir='ltr'><strong>Gra-</strong></span> 
     </span>
     <span class='ocr_line' id='line_1_29' title="bbox 221 3443 2374 3559; baseline 0 -28"><span class='ocrx_word' id='word_1_212' title='bbox 221 3470 372 3531; x_wconf 87' lang='lat' dir='ltr'><strong>tum</strong></span> <span class='ocrx_word' id='word_1_213' title='bbox 415 3448 616 3531; x_wconf 83' lang='lat' dir='ltr'><strong>mihi</strong></span> <span class='ocrx_word' id='word_1_214' title='bbox 658 3446 973 3559; x_wconf 81' lang='lat' dir='ltr'><strong>quidem</strong></span> <span class='ocrx_word' id='word_1_215' title='bbox 1015 3443 1308 3548; x_wconf 86' lang='lat' dir='ltr'><strong>fecerit,</strong></span> <span class='ocrx_word' id='word_1_216' title='bbox 1367 3449 1504 3557; x_wconf 87' lang='lat' dir='ltr'><strong>qui</strong></span> <span class='ocrx_word' id='word_1_217' title='bbox 1532 3473 1698 3530; x_wconf 87' lang='lat' dir='ltr'><strong>rem</strong></span> <span class='ocrx_word' id='word_1_218' title='bbox 1725 3446 2288 3555; x_wconf 82' lang='lat' dir='ltr'><strong>deprehensam</strong></span> <span class='ocrx_word' id='word_1_219' title='bbox 2366 3499 2374 3505; x_wconf 91' lang='lat'><strong>·</strong></span> 
     </span>
     <span class='ocr_line' id='line_1_30' title="bbox 222 3558 2280 3668; baseline 0.001 -26"><span class='ocrx_word' id='word_1_220' title='bbox 222 3564 404 3658; x_wconf 81' lang='lat' dir='ltr'><strong>mihi</strong></span> <span class='ocrx_word' id='word_1_221' title='bbox 429 3562 801 3644; x_wconf 84' lang='lat' dir='ltr'><strong>indicarit.</strong></span> <span class='ocrx_word' id='word_1_222' title='bbox 908 3559 1100 3643; x_wconf 78' lang='lat' dir='ltr'><strong>Illud</strong></span> <span class='ocrx_word' id='word_1_223' title='bbox 1129 3563 1360 3642; x_wconf 88' lang='lat' dir='ltr'><strong>etiam</strong></span> <span class='ocrx_word' id='word_1_224' title='bbox 1405 3558 1503 3640; x_wconf 89' lang='lat' dir='ltr'><strong>de</strong></span> <span class='ocrx_word' id='word_1_225' title='bbox 1547 3564 1757 3642; x_wconf 85' lang='lat' dir='ltr'><strong>notis</strong></span> <span class='ocrx_word' id='word_1_226' title='bbox 1784 3559 2018 3668; x_wconf 85' lang='lat' dir='ltr'><strong>Lipfii</strong></span> <span class='ocrx_word' id='word_1_227' title='bbox 2046 3562 2280 3645; x_wconf 89' lang='lat' dir='ltr'><strong>Criti-</strong></span> 
     </span>
     <span class='ocr_line' id='line_1_31' title="bbox 190 3669 2298 3760; baseline -0.001 -4"><span class='ocrx_word' id='word_1_228' title='bbox 190 3682 319 3758; x_wconf 51' lang='lat' dir='ltr'><strong>*eis</strong></span> <span class='ocrx_word' id='word_1_229' title='bbox 355 3701 680 3756; x_wconf 84' lang='lat' dir='ltr'><strong>monere</strong></span> <span class='ocrx_word' id='word_1_230' title='bbox 722 3678 1024 3757; x_wconf 81' lang='lat' dir='ltr'><strong>attinet:</strong></span> <span class='ocrx_word' id='word_1_231' title='bbox 1087 3669 1496 3755; x_wconf 87' lang='lat' dir='ltr'><strong>Pichenam</strong></span> <span class='ocrx_word' id='word_1_232' title='bbox 1538 3693 1616 3755; x_wconf 93' lang='lat' dir='ltr'><strong>et</strong></span> <span class='ocrx_word' id='word_1_233' title='bbox 1653 3671 1844 3755; x_wconf 84' lang='lat' dir='ltr'><strong>alios</strong></span> <span class='ocrx_word' id='word_1_234' title='bbox 1891 3673 2298 3760; x_wconf 40' lang='lat' dir='ltr'><strong>interdum,</strong></span> 
     </span>
     <span class='ocr_line' id='line_1_32' title="bbox 225 3782 2280 3898; baseline 0.001 -29"><span class='ocrx_word' id='word_1_235' title='bbox 225 3812 823 3870; x_wconf 85' lang='lat' dir='ltr'><strong>commemorare</strong></span> <span class='ocrx_word' id='word_1_236' title='bbox 866 3782 1100 3894; x_wconf 87' lang='lat' dir='ltr'><strong>Lipfii</strong></span> <span class='ocrx_word' id='word_1_237' title='bbox 1145 3782 1663 3887; x_wconf 64' lang='lat' dir='ltr'><strong>coniesturaS,</strong></span> <span class='ocrx_word' id='word_1_238' title='bbox 1713 3811 1906 3898; x_wconf 89' lang='lat' dir='ltr'><strong>quae</strong></span> <span class='ocrx_word' id='word_1_239' title='bbox 1946 3790 2280 3872; x_wconf 76' lang='lat' dir='ltr'><strong>innotis</strong></span> 
     </span>
     <span class='ocr_line' id='line_1_33' title="bbox 226 3899 2281 4009; baseline 0 -27"><span class='ocrx_word' id='word_1_240' title='bbox 226 3911 367 3983; x_wconf 80' lang='lat' dir='ltr'><strong>non</strong></span> <span class='ocrx_word' id='word_1_241' title='bbox 396 3905 904 4008; x_wconf 83' lang='lat' dir='ltr'><strong>reperiuntur.</strong></span> <span class='ocrx_word' id='word_1_242' title='bbox 1020 3906 1170 3982; x_wconf 84' lang='lat' dir='ltr'><strong>Eae</strong></span> <span class='ocrx_word' id='word_1_243' title='bbox 1195 3921 1455 3982; x_wconf 82' lang='lat' dir='ltr'><strong>autem</strong></span> <span class='ocrx_word' id='word_1_244' title='bbox 1483 3899 1952 4009; x_wconf 79' lang='lat' dir='ltr'><strong>quaerendae</strong></span> <span class='ocrx_word' id='word_1_245' title='bbox 1987 3901 2158 3984; x_wconf 90' lang='lat' dir='ltr'><strong>sunt</strong></span> <span class='ocrx_word' id='word_1_246' title='bbox 2199 3909 2281 3983; x_wconf 89' lang='lat' dir='ltr'><strong>in</strong></span> 
     </span>
     <span class='ocr_line' id='line_1_34' title="bbox 232 4009 2432 4124; baseline 0.002 -27"><span class='ocrx_word' id='word_1_247' title='bbox 232 4018 553 4124; x_wconf 83' lang='lat' dir='ltr'><strong>margine</strong></span> <span class='ocrx_word' id='word_1_248' title='bbox 581 4010 1123 4124; x_wconf 71' lang='lat' dir='ltr'><strong>exem-plorum</strong></span> <span class='ocrx_word' id='word_1_249' title='bbox 1144 4009 1696 4122; x_wconf 77' lang='lat' dir='ltr'><strong>Lipfianorum.</strong></span> <span class='ocrx_word' id='word_1_250' title='bbox 1744 4041 1817 4095; x_wconf 86' lang='lat' dir='ltr'><strong>v.</strong></span> <span class='ocrx_word' id='word_1_251' title='bbox 1845 4042 1911 4096; x_wconf 87' lang='lat' dir='ltr'><strong>e.</strong></span> <span class='ocrx_word' id='word_1_252' title='bbox 1939 4042 2016 4122; x_wconf 83' lang='lat' dir='ltr'><strong>g.</strong></span> <span class='ocrx_word' id='word_1_253' title='bbox 2058 4014 2155 4096; x_wconf 91' lang='lat' dir='ltr'><strong>ad</strong></span> <span class='ocrx_word' id='word_1_254' title='bbox 2182 4018 2284 4097; x_wconf 82' lang='grc' dir='ltr'><strong>Α.</strong></span> <span class='ocrx_word' id='word_1_255' title='bbox 2381 4092 2391 4101; x_wconf 94' lang='grc'><strong>.</strong></span> <span class='ocrx_word' id='word_1_256' title='bbox 2429 4023 2432 4026; x_wconf 73' lang='grc'><strong>’</strong></span> 
     </span>
     <span class='ocr_line' id='line_1_35' title="bbox 232 4134 2283 4234; baseline -0.001 -1"><span class='ocrx_word' id='word_1_257' title='bbox 232 4166 243 4176; x_wconf 83' lang='grc'><strong>’</strong></span> <span class='ocrx_word' id='word_1_258' title='bbox 380 4179 385 4186; x_wconf 83' lang='grc'><strong><em>’</em></strong></span> <span class='ocrx_word' id='word_1_259' title='bbox 570 4153 583 4190; x_wconf 66' lang='lat'>³</span> <span class='ocrx_word' id='word_1_260' title='bbox 1311 4150 1360 4207; x_wconf 60' lang='lat' dir='ltr'>e</span> <span class='ocrx_word' id='word_1_261' title='bbox 1414 4149 1472 4234; x_wconf 80' lang='lat'>4</span> <span class='ocrx_word' id='word_1_262' title='bbox 1975 4134 2145 4228; x_wconf 83' lang='lat' dir='ltr'><strong>XV,</strong></span> <span class='ocrx_word' id='word_1_263' title='bbox 2175 4152 2283 4231; x_wconf 82' lang='grc'><strong>33·</strong></span> 
     </span>
    </p>
   </div>
  </div>
 </body>
</html>
