2715 4721
865 278 1763 411 PRAEFATm
1901 362 1905 369 ,
2105 228 2126 335 ‘.
2261 315 2338 370 u

186 475 327 578 tii,
395 472 886 590 aliorumque
913 476 1287 562 similium.
1376 479 1615 563 Vtiles
1642 478 1808 562 libri
1834 479 1941 564 im
1968 481 2115 564 esse
2142 486 2318 591 pos-

187 589 400 672 sunt
433 594 839 697 imperitis,
892 588 1322 687 tironibus;
1380 618 1421 674 a
1455 591 1930 675 dostioribus
1962 620 2125 675 non
2157 623 2314 678 ma-

194 727 581 808 gnopere
609 699 1013 808 leguntur,
1070 725 1148 784 et
1185 731 1363 785 cum
1390 701 1834 787 austoribus
1859 703 2023 787 fere
2059 714 2307 789 mori·
2344 704 2348 713 ’

194 835 482 894 untur.
551 820 666 894 Ex
695 812 1217 895 aitero‘autem
1242 818 1523 923 genere
1553 816 1791 921 longe
1819 825 2165 925 princeps
2195 821 2302 901 est

199 924 457 1007 Iustus
490 922 812 1031 LipfiuS‚
868 952 1029 1034 quo
1063 933 1398 1010 maxime
1428 927 1622 1010 duce
1654 933 1769 1009 uti
1797 928 2106 1031 debent,
2145 938 2299 1041 qui
2399 963 2405 969 ·

207 1036 300 1120 ad
332 1041 719 1119 Tacitum
744 1036 1160 1145 legendum
1185 1038 1576 1129 accedunt.
1661 1042 1871 1121 Huic
1895 1047 2297 1148 proximus
2360 1046 2365 1053 ’
2463 1042 2468 1049 ’

204 1149 313 1232 est
341 1156 464 1232 Io.
496 1156 613 1231 Fr.
644 1155 1128 1234 Gronovius:
1214 1158 1349 1266 qui
1392 1154 1666 1237 iustum
1707 1154 2025 1263 quidem
2054 1156 2297 1238 Com-

198 1266 677 1347 mentarium
717 1289 879 1347 non
918 1263 1062 1345 scri
1118 1263 1239 1369 fit,
1314 1288 1655 1350 ceterum
1701 1271 1946 1368 notis,
2022 1294 2290 1378 quam-

206 1402 449 1489 quam
484 1380 768 1482 pauci8‚
814 1374 1008 1483 pluri
1094 1406 1237 1465 um
1256 1378 1409 1461 luci
1424 1385 1708 1461 Tacito
1742 1375 2059 1461 adfudit.
2146 1387 2291 1464 Ita-

206 1516 371 1601 que
411 1487 703 1570 horum
731 1510 954 1572 notas
983 1489 1166 1572 huic
1196 1491 1524 1576 editioni
1555 1491 2006 1574 addidimus.
2118 1499 2288 1576 Ma-

205 1628 443 1709 gnam
469 1605 699 1690 etiam
724 1600 1025 1686 laudem
1050 1610 1330 1688 merito
1361 1605 1504 1688 suo
1535 1605 1926 1687 consecuti
1966 1605 2138 1686 sunt
2164 1612 2283 1687 Pi-

202 1715 479 1818 ebena,
530 1714 1112 1821 Freinshemius,
1136 1739 1364 1829 atque
1394 1718 1737 1823 RyckiuS.
1810 1716 1959 1798 Sed
1997 1742 2278 1804 eorum
2353 1714 2360 1725 ’

206 1842 433 1912 notas
458 1854 622 1910 non
648 1827 987 1935 capiebat
1008 1830 1291 1912 modus
1318 1830 1516 1933 libri,
1569 1837 1702 1940 qui
1728 1835 2111 1913 iuventuti
2143 1830 2278 1919 de.
2323 1906 2328 1913 .

207 1939 628 2025 stinabatur.
720 1948 818 2024 Et
844 1940 1194 2025 dedimus
1227 1968 1564 2051 operam,
1619 1962 1744 2044 ut,
1783 1968 1973 2051 quae
2000 1940 2105 2022 illi
2134 1941 2279 2025 bo-

209 2082 298 2137 na
325 2052 636 2156 habent,
683 2058 764 2136 in
790 2054 1054 2162 primis
1078 2055 1472 2139 necessaria
1504 2055 1600 2136 ad
1627 2051 1833 2136 reste
1859 2052 2276 2158 intelligen-

211 2167 421 2269 dum,
455 2195 513 2248 e<
533 2170 740 2249 notis
773 2168 1063 2270 nostris,
1089 2167 1226 2250 sub
1255 2194 1529 2250 eorum
1554 2188 1809 2251 tamen
1839 2165 2277 2249 nominibus

207 2278 575 2387 cognosci
600 2279 935 2386 poffent:
999 2280 1214 2392 quod
1257 2286 1485 2366 etiam
1525 2286 1604 2363 in
1651 2279 1981 2363 aliorum
2016 2275 2275 2359 obser-

209 2400 386 2476 vatis
416 2390 734 2475 fecimus
752 2393 775 2474 ε’
833 2399 1407 2506 curavimusque
1424 2458 1448 2498 ‚
1503 2415 1592 2475 ut
1635 2421 1733 2475 ne
1760 2398 1929 2503 quis
1961 2410 2271 2496 ceteraS,

210 2533 396 2620 quae
448 2512 536 2588 in
591 2504 765 2588 edd.
809 2505 1960 2616 Gronoviorumreperiuntur,
2047 2524 2268 2586 notas

207 2645 670 2727 magnopere
726 2618 1137 2703 desiderare
1193 2619 1476 2728 poss'et:
1516 2624 1635 2701 ·in
1699 2615 1975 2729 quibus
2029 2609 2266 2701 multa'

205 2733 371 2815 sunt
389 2731 639 2814 'hodie
667 2732 985 2840 vulgata,
1032 2733 1258 2842 saepe
1282 2738 1515 2815 etiam
1537 2736 1837 2838 inepta,
1890 2735 1971 2811 in
2001 2734 2265 2836 primis
2327 2732 2346 2740 ’

202 2850 278 2928 in
304 2850 511 2927 notis
525 2841 899 2949 Salinerii,
959 2872 1186 2957 quae,
1232 2850 1369 2927 vix
1398 2846 1815 2956 adsequor,
1869 2868 2101 2952 quare
2150 2841 2267 2925 di-

122 2991 127 2995 ’
203 2984 383 3064 gnae
410 2953 709 3040 habitae
739 2956 898 3061 fint,
954 2985 1148 3069 quae
1172 2959 1325 3041 istis
1357 2953 1821 3065 editionibus
1853 2954 2263 3039 insereren-

206 3092 362 3174 tur,
422 3097 604 3151 cum
627 3091 788 3153 tam·
811 3072 1030 3178 saepe
1060 3068 1194 3178 ipfi
1224 3074 1615 3153 Gronovii
1640 3095 1785 3177 pro
1813 3073 2045 3175 gerris
2074 3066 2258 3150 ficu-

106 3263 115 3270 .
201 3181 310 3287 lis,
346 3180 644 3287 fabulis,
697 3188 919 3290 nugis
947 3182 1377 3292 repudient.
1433 3184 1587 3265 vid.
1618 3211 1684 3265 c.
1718 3189 1832 3263 10.
1860 3188 1974 3264 Fr.
2005 3184 2253 3262 Gron.
2389 3205 2393 3210 ’

207 3296 294 3379 ad
334 3301 498 3398 XII,
541 3308 645 3393 18.
734 3303 789 3375 Ι.
837 3296 1154 3408 quidem
1198 3301 1445 3378 Gron.
1485 3296 1581 3378 ad
1619 3301 1816 3398 XIV,
1849 3319 1957 3398 33.
2004 3292 2253 3399 plane,

205 3409 617 3489 Salina-iana
641 3406 900 3515 semper
936 3414 1303 3491 claudicant
1343 3425 1409 3490 et
1450 3417 1677 3518 inepta
1693 3405 1877 3517 fiant.
1979 3404 2258 3486 Simili·
2347 3467 2352 3472 -

204 3537 465 3629 terque
493 3515 876 3614 interdum
916 3518 1014 3601 de
1042 3524 1245 3601 notis
1271 3523 1640 3602 Vert-ranii
1657 3581 1680 3621 ‚
1722 3537 1802 3600 et
1827 3522 2114 3599 Donati
2144 3522 2259 3598 iu-

208 3628 481 3712 dicant:
560 3660 635 3711 v.
663 3630 963 3735 adX111‚
995 3658 1127 3739 49.
1159 3658 1281 3734 5r.·
1306 3639 1474 3734 XV,
1504 3658 1636 3738 74.
1689 3635 1789 3712 H.
1820 3637 1874 3729 1,
1907 3655 2028 3733 24.
2060 3650 2252 3712 extr.

205 3742 298 3826 de
322 3741 673 3853 notisque
686 3748 979 3851 Lupani
1008 3743 1500 3828 iudicandum
1526 3763 1723 3847 erat,
1787 3767 1982 3851 quae
2008 3739 2266 3826 subin-

209 3856 301 3937 de
328 3841 725 3937 falfiffimae
750 3855 960 3958 sunt,
1015 3857 1213 3940 adeo
1271 3884 1370 3939 ue
1400 3862 1683 3941 noxiae
1713 3852 1858 3935 effe
1889 3880 2052 3936 non
2084 3854 2258 3938 satis

210 3973 458 4074 peritis
498 3965 847 4077 pofl‘unt,
910 3966 1047 4052 nifi
1087 3966 1249 4052 refe
1277 3969 1544 4055 lantur.
1667 3965 2121 4078 Eademque*
2160 3969 2261 4048 de

214 4080 429 4170 cauffa
473 4099 777 4164 ceteros
803 4086 1076 4180 ‚Taciti
1109 4087 1558 4191 interpretes
1613 4084 2101 4271 recentioresl
2136 4106 2268 4160 ne-

1215 4193 1272 4279 d
1309 4223 1351 4303 3
1820 4257 1823 4268 .
2026 4221 2078 4299 g
2108 4195 2273 4273 exi·
