2715 4721
838 236 1718 374 PRAEFATIO
1819 282 1826 287 ·
2029 188 2307 327 {xxxvii
2417 246 2418 255 '

195 439 410 519 Nam
440 432 635 516 alter
663 432 791 516 ille
820 434 1130 537 Codex,
1190 440 1572 519 incertum
1601 436 1745 538 est,
1817 464 1912 520 an
1949 457 2124 521 tum
2159 445 2312 525 iam

210 547 653 634 Florentiae
677 543 929 630 fuerit.
1016 544 1315 653 .1Sifuit,
1370 552 1562 660 quid
1590 550 1672 632 id
1701 550 1793 632 ad
1825 552 2308 658 Bet-caldum,

230 667 354 774 qui
381 667 690 744 Romae
717 657 917 744 erat?
987 661 1387 769 Agebatur
1428 661 1592 744 hoc
1620 683 1954 771 tantum,
2003 687 2090 748 ut
2137 665 2311 751 libri

233 775 580 857 nondum·
639 774 832 858 editi
887 773 1400 881 vulgarentur.
1512 783 1775 886 ltaque
1831 798 1910 859 et
1937 866 1938 871 Ν
1961 779 2315 888 exempla

226 887 675 971 Beroaldina
701 893 1205 994 reperiuntur,
1259 892 1342 971 in
1369 887 1651 999 quibus
1679 910 1971 973 tanturn
1999 888 2170 1001 libri
2197 892 2312 977 illi

224 1004 453 1108 primi
501 1031 548 1085 e
578 1001 874 1086 Codice·
906 999 1350 1112 Corbeienfi
1389 1003 1663 1085 insunt.
1765 1007 2049 1091 'Ceteri
2074 1006 2312 1112 igitur
2479 1034 2486 1039 ’

222 1114 467 1197 additi
498 1108 673 1196 su'nt
709 1140 809 1195 ex
848 1115 1189 1196 editione
1226 1120 1339 1197 Fr.
1370 1113 1791 1197 Puteolani.
1907 1119 2152 1203 Cuius
2196 1124 2312 1203 rei

220 1227 606 1310 indicium
634 1226 760 1309 vel
788 1227 949 1310 hoc
989 1227 1136 1330 est,
1209 1226 1427 1341 quod
1460 1226 1705 1310 Libro
1734 1235 1861 1310 XI.
1887 1230 2311 1339 praepofita

218 1342 319 1421 est
372 1339 782 1424 Puteolani
838 1337 1232 1449 praefatio.
1352 1337 1774 1423 Planissime
1830 1365 2088 1426 autem
2143 1343 2314 1428 hoe
2386 1390 2392 1395 ·
2462 1389 2464 1395 π

216 1481 349 1535 me
377 1454 660 1536 docuit
685 1474 942 1535 textus
966 1458 1291 1536 Romani
1318 1451 1537 1559 ipfius
1565 1481 1745 1536 cum
1761 1461 2063 1550 Veneto
2089 1484 2311 1543 com-
2375 1458 2380 1459 ἢ

219 1572 547 1676 paratio.
657 1570 959 1649 Etenim
990 1568 1177 1670 vidi,
1240 1565 1434 1650 locis
1464 1568 1768 1674 oppido
1797 1568 2310 1676 paucis·illum

213 1678 316 1763 ab
347 1681 514 1762 hoc
540 1680 993 1788 discrepare:
1056 1677 1292 1763 ficubi
1338 1679 1755 1788 discrepet,
1807 1683 1892 1763 id
1933 1704 2061 1767 aut
2104 1689 2305 1769 vitio
2441 1746 2446 1755 -

218 1820 683 1902 operarum,
742 1815 868 1876 aut
906 1791 1370 1876 corre&oris
1411 1791 1804 1877 sedulitate
1840 1792 2174 1904 fastum,
2222 1816 2313 1894 ut

223 1904 384 1989 fere
423 1906 706 1992 accidit‘
747 1911 828 1989 in
874 1904 1236 1990 omnibus
1277 1902 1554 1989 talibus
1592 1905 1820 1990 libris·
1875 1909 2067 2012 (vid.
2108 1914 2342 2020 'quaes

220 2047 416 2102 mox
468 2020 572 2102 de
599 2017 886 2102 Aldina
905 2020 1029 2103 ed.
1071 2019 1457 2121 dicentur)
1554 2013 1702 2101 S'ed
1731 2019 2317 2106 Mediolanense

227 2131 678 2243 exemplum
693 2159 853 2215 non
868 2132 1227 2235 habuisse,
1255 2158 1400 2214 nec
1432 2137 1692 2237 operis
1719 2135 2315 2240 exprimendum

233 2247 522 2335 dediffe
566 2245 1058 2353 Beroaldum,
1115 2270 1338 2355 parva
1381 2269 1502 2325 res
1527 2246 1835 2329 =indicio
1864 2247 1994 2329 est.
2112 2253 2315 2337 Nam
2425 2334 2428 2339 ,

232 2368 311 2445 in
341 2355 816 2472 praefatione
829 2359 1249 2464 Puteolani,
1279 2384 1508 2468 quam
1532 2366 1935 2468 repetitam
1967 2359 2113 2444 esse
2145 2363 2314 2449 dixi
2463 2399 2468 2402 ¹

236 2481 310 2559 in
339 2476 692 2558 editione
720 2473 1185 2576 Beroaldina,
1244 2474 1458 2555 idem
1487 2501 1703 2577 error
1733 2477 2139 2582 operarum
2176 2478 2311 2581 est,

249 2593 471 2676 Velm·
514 2611 660 2693 pro
705 2594 938 2671 Veneti
978 2592 1611 2694 exprimentium,
1687 2595 1822 2699 qui
1862 2594 1945 2671 in
1974 2595 2309 2686 Veneta;
2341 2615 2350 2626 “
2385 2629 2390 2638 ⁴

243 2726 414 2780 eum
457 2703 540 2781 in
579 2693 1121 2784 Mediolanenfi
1170 2705 1406 2784 Veneti
1444 2694 1550 2784 fit.
1658 2708 1922 2813 ltaque
1959 2696 2221 2790 frustra
2250 2711 2307 2786 1.

242 2816 692 2894 Gronovius
737 2810 1074 2919 pluribus
1115 2813 1311 2896 locis
1368 2814 1569 2919 (vid.
1599 2841 1672 2897 v.
1704 2840 1770 2895 c.
1831 2814 2140 2916 adXV,
2167 2820 2306 2918 64.

243 2929 439 3026 XVI,
474 2952 530 3005 1.
580 2931 747 3026 XV,
778 2953 864 3006 11.
933 2948 1100 3009 not.
1128 2957 1185 3008 1.
1226 2953 1334 3008 ιο.
1406 2923 1543 3012 ubi
1588 2930 1782 3009 mire
1821 2927 1900 3008 se
1943 2927 2312 3035 expedit&

245 3025 583 3119 irascitur
606 3036 1009 3142 Beroaldo‚
1058 3038 1296 3142 aliter,
1325 3067 1558 3152 quam
1581 3042 1662 3124 in
1690 3040 2134 3128 Florentino
2152 3043 2318 3124 Co-

245 3150 411 3232 dice
445 3150 652 3252 ess'et,
708 3151 987 3257 edenti,
1044 3158 1519 3265 quaeritque,
1555 3150 1691 3252 ubi
1723 3152 2000 3238 oculos
2029 3150 2317 3236 habue-

186 3333 189 3340 Γ
246 3269 360 3346 rit.
478 3269 781 3370 Nempe
809 3262 1236 3372 longiffime
1279 3265 1375 3348 ab
1420 3266 1556 3350 illo
1588 3268 1899 3351 Codice
1944 3267 2318 3349 Florenti-

248 3403 392 3477 ιο,
454 3375 776 3486 sequens
825 3406 1068 3470 unum
1139 3379 1585 3487 exemplum
1634 3380 1854 3464 suum
1900 3385 2314 3468 Venetum.
2423 3461 2424 3464 x

249 3489 390 3571 Sed
421 3513 601 3595 age,
644 3490 1013 3599 exemplis
1047 3492 1346 3605 aliquot
1386 3515 1683 3601 praeter
1723 3522 1846 3597 ea,
1904 3517 2101 3604 quae
2141 3508 2316 3600 ante

248 3602 785 3705 indicavimus,
844 3603 1142 3714 politis,
1201 3634 1368 3689 rem
1394 3604 1690 3714 planam
1707 3606 2095 3689 faciamus.
2211 3608 2317 3690 A.
2377 3659 2390 3698 ;

254 3721 443 3819 xm,
481 3743 591 3819 14.
631 3720 794 3799 init.
861 3741 939 3803 et
982 3725 1081 3802 H.
1118 3726 1245 3823 IV,
1290 3749 1392 3804 21.
1454 3726 1618 3803 MS.
1668 3719 1869 3803 Flor.
1925 3722 2321 3803 arbitrium}
2393 3748 2402 3759 ·

257 3830 411 3908 Ber.
449 3833 691 3934 priori
720 3829 904 3913 loco
933 3837 1308 3940 arbitrium,
1372 3829 1613 3915 altero
1637 3836 1988 3930 arbitrum,
2057 3850 2145 3915 ut
2171 3836 2320 3912 Pu,

260 3937 618 4020 teolanuS.
671 3945 867 4045 xm,
897 3971 994 4025 21.
1024 3967 1214 4026 extr.
1242 3945 1563 4029 verbum
1587 3958 1801 4028 mater
1825 3940 2023 4030 abest
2053 3972 2093 4029 a
2117 3941 2320 4027 Flor.

260 4050 360 4132 est
387 4076 502 4160 ap.
531 4057 697 4138 Ber.
728 4055 935 4143 ubil.
970 4060 1218 4144 Grou.
1246 4068 1509 4146 interim
1536 4089 1677 4144 vox
1703 4077 1943 4147 mater
1964 4092 2099 4142 non
2131 4059 2216 4163 ςβ
2233 4064 2323 4137 in

1992 4168 2330 4274 vmstff»
