2715 4721
159 209 376 360 ”vx
868 204 2015 403 ΡΒΑΕΡΑ-Γιῖὠᾞ,

260 491 383 559 ut
407 500 455 558 e
479 471 1239 586 codicibusscriptis
1271 475 1648 587 editisque
1676 475 1931 558 omnis
1956 469 2395 559 lefflonum

291 588 651 695 varietas‚“
700 596 933 676 etiam
962 587 1344 674 manifesta
1375 590 1783 698 scripturae
1817 591 2000 671 vitia
2032 608 2395 671 notaren-

288 722 458 786 tur:
510 704 720 789 unde
748 724 1120 818 quantum
1147 701 1488 786 utilitatis
1518 701 2061 785 redundaverit
2088 699 2183 782 ad
2209 699 2396 807 scri-

152 890 153 893 .
292 834 560 925 ptores
600 837 929 924 veteres,
956 844 1121 902 non
1149 821 1529 925 ignorant,
1573 821 1709 927 qui
1739 821 1821 899 in
1848 814 1975 896 his
2004 812 2238 898 literis
2277 813 2400 895 di-

294 928 632 1037 ligenter
672 932 848 1017 sunt
888 930 1181 1014 versati.
1292 933 1580 1013 Tacito
1629 927 1947 1040 quidem
1987 928 2194 1037 quid*
2215 952 2403 1034 pro-

232 1042 237 1047 ’
294 1038 561 1149 fuerit,
628 1056 707 1127 et
736 1066 910 1127 ante
940 1041 1237 1127 distum
1265 1043 1395 1145 est,
1439 1064 1518 1125 et
1546 1043 1717 1151 post
1745 1042 2043 1125 dicetur
2067 1038 2402 1147 planiuS‚

296 1152 438 1236 ubi
494 1163 912 1243 accurat-ius
971 1158 1071 1239 de
1128 1156 1478 1239 instituto
1519 1156 1787 1239 nostro
1834 1153 2143 1236 dicendi
2180 1151 2407 1236 locus

295 1273 618 1352 venerit.
731 1270 819 1351 ld
844 1288 1249 1380 antequam
1280 1264 1638 1371 facerem,
1670 1268 1918 1352 visum
1946 1268 2051 1357 est
2081 1265 2412 1373 diligen·-

297 1385 458 1464 tius
484 1383 586 1464 de
608 1379 904 1491 seriptis
920 1386 1181 1464 Taciti
1198 1382 1655 1484 codicibus,
1711 1380 2214 1491 inprimisque
2243 1378 2415 1460 edi-

297 1491 651 1576 tionibus
683 1493 1221 1602 'superioribus
1268 1495 1571 1589 dicere3
1661 1497 1858 1576 cum'
1885 1517 2013 1595 ea,
2071 1519 2267 1603 quae
2312 1490 2411 1575 ab

301 1602 499 1708 aliis,
545 1604 760 1689 velut
781 1604 1221 1708 Maenalio,
1267 1606 1644 1710 Fabrici0‚
1693 1605 1965 1689 tradita
1994 1604 2042 1687 s
2028 1624 2189 1706 unt,
2241 1630 2416 1711 par-

301 1720 453 1813 tim
491 1715 982 1825 imperfecta,
1037 1724 1316 1827 partim
1356 1721 1625 1804 vitiosa
1672 1718 2142 1822 admodum,
2200 1736 2419 1800 certe

301 1855 582 1937 parum
624 1830 838 1915 utilia
885 1836 1422 1940 cognoverim.
1533 1834 1837 1915 Etenim
1884 1830 2197 1912 historia
2243 1830 2418 1911 edi-

306 1945 623 2027 tionum
666 1971 756 2027 ca
793 1945 1116 2028 demum
1157 1944 1365 2027 utilis
1411 1946 1557 2048 est,
1632 1971 1827 2056 quae
1870 1944 2141 2045 docet,
2200 1944 2420 2026 unde

168 2071 178 2079 ‘
305 2055 678 2167 cuiusque
706 2077 965 2141 textus
994 2054 1273 2140 duaestus
1301 2056 1446 2151 fit3·
1487 2076 1747 2138 utrum
1773 2084 1876 2162 ex
1907 2054 2043 2138 alia
2069 2056 2430 2162 superio-.

178 2213 181 2216 ⁴
302 2171 378 2250 ri
406 2175 804 2276 repetitus,
842 2197 936 2253 an
963 2197 1009 2254 e
1039 2170 1331 2276 scriptis
1351 2166 1723 2279 editisque
1750 2168 1959 2251 libris
1991 2167 2094 2251 ab'
2111 2170 2418 2252 idoneo

309 2278 632 2365 austore
660 2283 1106 2368 emendatus
1125 2311 1165 2366 a
1200 2281 1479 2393 quibus
1498 2286 1892 2390 ignoratis,
1924 2281 2116 2366 nihil
2132 2283 2418 2365 editio⁴
2543 2379 2552 2386 x

307 2421 506 2479 num
533 2401 859 2500 notitia,
915 2424 1168 2508 neque
1192 2395 1288 2476 ad
1325 2394 1719 2478 deledium
1757 2402 1839 2477 in
1867 2397 2227 2498 emend0‚
2279 2423 2420 2478 ne-
2459 2449 2460 2452 κ

229 2517 235 2528 ’
308 2535 472 2618 que
537 2509 636 2590 ad
687 2508 910 2614 usum
970 2515 1052 2592 in
1112 2509 1598 2592 emendando
1654 2509 2422 2620 interpretandoque5

195 2703 201 2706 .
305 2621 670 2728 prodeffe
706 2623 982 2730 potest.
1083 2619 1350 2728 Quid?
1431 2622 1652 2734 quod
1709 2622 1921 2730 saepe
1977 2622 2249 2705 accidit
2293 2627 2422 2728 iia,

298 2738 452 2844 qui
496 2733 661 2817 hoc
706 2740 1112 2843 ignorant,
1172 2754 1305 2818 aut
1346 2761 1511 2817 non
1558 2756 1861 2838 curant,
1911 2755 2002 2817 ut
2046 2735 2425 2821 carbones

301 2869 460 2954 pro
547 2846 942 2953 thesauro,
1010 2843 1017 2852 ’
1051 2849 1539 2959 eundemque
1625 2869 1934 2932 textum
2010 2848 2421 2960 aliquoties

306 2979 606 3063 emant,
686 2983 766 3045 et
808 2966 1145 3070 pretium
1191 2963 1506 3044 statuant
1559 2961 1812 3065 libris,
1874 2988 2041 3044 non
2106 2962 2201 3046 ab
2251 2961 2424 3065 usu,

310 3087 551 3183 quem
577 3074 762 3157 inde
788 3101 1067 3184 ,capere
1096 3076 1427 3183 poffint‚
1481 3074 1615 3158 sed
1647 3102 1688 3158 a
1723 3074 2014 3183 vulgari
2037 3075 2139 3157 de
2169 3074 2430 3157 edito-

312 3184 527 3269 ribus
558 3187 978 3294 opinione3
1056 3215 1286 3300 quam
1314 3187 1537 3296 saepe
1567 3186 1848 3292 fallere,
1894 3186 2139 3272 sciunt
2162 3189 2424 3295 peritij

313 3317 397 3381 et
418 3297 501 3382 in
531 3305 820 3384 Tacito
848 3329 1170 3414 quoque
1195 3303 1415 3411 saepe
1460 3299 1827 3403 fefellisse,
1867 3299 2076 3384 ‘insta
2103 3298 2431 3383 do'cobi-

309 3439 510 3496 mus.
621 3415 772 3497 Sed
802 3415 992 3497 illud
1022 3416 1299 3523 ipsum,
1367 3417 1587 3527 quod
1642 3420 1977 3498 maxime
2017 3415 2100 3498 in
2141 3413 2429 3497 editio·-

310 3550 504 3618 num
531 3527 844 3628 historia
877 3528 1309 3622 videndum¹
1340 3530 1484 3630 est,
1532 3556 1770 3611 nemo
1807 3527 2137 3630 docere,
2184 3524 2320 3608 nifi
2353 3528 2427 3607 is

311 3641 606 3747 potest,
648 3647 805 3753 qui
851 3644 1386 3751 comparandis
1416 3646 1616 3723 inter
1642 3642 1724 3725 se
1761 3639 2017 3744 libris,
2066 3639 2434 3753 indagari·
2519 3645 2558 3680 Ψ

315 3750 573 3863 daque
607 3741 966 3838 lestionis
1003 3755 1371 3868 cuiusque
1401 3758 1705 3861 origine
1746 3754 2001 3865 (quod
2030 3757 2104 3836 ei
2129 3749 2431 3836 necess'e

195 3969 199 3974 .
314 3863 448 3964 est,
504 3862 560 3948 fi
602 3862 990 3951 delestum
1029 3867 1413 3950 bonarum
1453 3866 1883 3964 leciionum
1924 3864 2134 3949 redie
2176 3863 2433 3952 facere

317 3975 540 4086 velit)
572 3978 811 4092 qualis
846 4009 1192 4097 quaeque
1218 3981 1457 4067 editio
1488 3980 1668 4067 effet
1681 4043 1708 4087 ,
1754 3985 2143 4090 cognorit.

2204 4195 2444 4291 Anti-
2583 4330 2600 4343 .
