2715 4721
621 301 632 314 ·
715 297 1280 372 ANNAL‘IVM
1337 269 1733 369 'L1ss.xv.
1973 306 2140 383 ‘78⁷

185 465 348 538 libus
387 474 533 537 telis
574 476 876 538 decertat.
961 469 1258 539 Ceterum
1297 474 1556 548 PaemS‚
1598 476 1621 508 ¹
1647 472 1869 555 spretis
1908 463 2155 531 omini-‘
2207 462 2251 533 8

167 569 304 633 ·bus
322 611 341 641 ,
394 589 516 632 nec
542 570 692 632 dum
733 569 882 632 satis
907 568 1168 632 firmatis
1197 569 1645 658 hibernaculiS,
1690 567 1864 628 nullo
1895 566 1983 627 rei
2011 542 2294 663 fru-{gxgj

191 665 536 727 mentariae
566 664 847 748 provisu,
891 666 1052 746 rapit
1083 664 1435 752 exercitum
1466 676 1636 724 trans
1666 673 1953 723 montem
1978 659 2137 722 Tau·
2171 681 2313 731 A.c.

189 778 331 832 rum
357 759 801 840 recipior-andis,
842 770 915 822 ut
954 759 1227 836 ferebat,
1280 758 1763 840 D'granocertis,
1808 754 2141 839 vastandus·
2191 747 2282 813 ⁶3·

169 872 304 937 -que
328 853 698 937 regionibus,
726 874 881 939 quas
898 853 1152 918 Corbulo
1178 861 1459 936 integras
1486 850 1766 936 omistfflt.
1842 852 1926 915 Et
1953 864 2136 935 capta

185 951 492 1031 quaedam
536 949 827 1012 castella:
882 950 1254 1032 gloriaeque
1292 963 1360 1011 et
1387 950 1652 1031 praedae
1691 949 1975 1011 nonnihil
2002 968 2136 1031 par-

173 1051 359 1118 turn,
403 1041 448 1105 fi
478 1053 587 1106 aut
627 1042 893 1125 gloriam
920 1064 1065 1106 cum
1095 1045 1321 1116 mod0,
1364 1053 1470 1105 aut
1495 1043 1786 1124 praedam
1815 1063 1957 1105 curn
1987 1062 2138 1104 cura

184 1134 507 1224 habuifl'et.
579 1139 982 1221 Longinquis
1008 1139 1331 1201 itineribus
1360 1137 1794 1220 percursando,
1839 1156 1999 1220 quae
2031 1136 2138 1198 ob-

184 1231 377 1294 tineri
403 1231 773 1312 nequibant,
820 1245 1161 1313 corrupto,
1217 1232 1323 1313 qui
1356 1241 1578 1314 captus
1607 1241 1772 1306 erat,
1828 1248 2140 1291 commea·

141 1379 147 1385 .
185 1343 300 1403 tu,
347 1336 413 1390 ct
453 1319 714 1391 instante
751 1330 873 1390 iam
908 1329 1137 1403 hieme,
1182 1330 1432 1391 reduxit
1463 1331 1835 1404 exercitum,
1879 1346 2136 1411 compo-

181 1425 434 1505 suitque
470 1423 547 1484 ad
576 1421 897 1483 Caesarem
926 1423 1170 1484 litteras
1190 1465 1208 1496 ,
1249 1421 1415 1504 quasi
1444 1422 1739 1486 conseo-qo
1769 1421 1959 1499 belin,
2006 1429 2141 1484 ver·

190 1521 288 1584 bis
329 1516 681 1599 magnificis
706 1560 723 1590 ,
781 1537 988 1578 rerum
1029 1537 1279 1580 vacuas,
1382 1515 1640 1580 Interim
1680 1516 1956 1580 Corbulo
1985 1538 2138 1581 nun·
2218 1509 2266 1579 9

187 1631 374 1696 quam
404 1607 760 1691 neglestam
782 1609 1118 1692 Euphratis
1149 1612 1345 1692 ripam
1377 1610 1789 1672 crebrioribus
1820 1609 2135 1694 praesidiis

189 1707 445 1780 insedit:
500 1718 601 1780 et,
646 1726 725 1767 ne
755 1708 934 1788 ponti
966 1706 1306 1768 iniiciendo
1342 1701 2139 1786 im‘pedimentum'hostiles

187 1811 434 1864 turmae
463 1795 780 1871 afferrent,
826 1796 982 1878 (iam
1010 1798 1177 1859 enim
1192 1793 1477 1859 subieftis
1493 1798 1726 1880 campis
1755 1817 1980 1879 magna
2010 1799 2144 1882 spe.
2194 1863 2201 1870 ,

186 1894 291 1955 cie
329 1890 707 1972 volitabant)
753 1911 945 1955 naves
974 1892 1404 1973 magnitudine
1434 1891 1849 1975 praestanteS,
1896 1905 1960 1954 et
1990 1915 2139 1958 con·

187 2008 387 2052 nexas
417 1989 710 2064 trabibus,
755 2009 827 2052 ac
854 1990 1125 2054 turribus
1156 1986 1389 2066 auftas,
1436 1990 1570 2070 agit
1610 2009 1724 2072 per
1749 1993 2014 2066 amnem,
2043 2012 2141 2053 ca.

168 2085 568 2168 -tapultisque
595 2097 661 2148 et
690 2084 918 2150 balistis
950 2085 1273 2170 proturbat
1302 2084 1632 2148 barbaros:
1689 2085 1755 2147 in
1795 2077 1954 2166 quo's
1999 2084 2143 2147 saxa

192 2192 263 2245 et
290 2182 495 2247 hastae
526 2182 785 2264 longius
816 2185 1249 2267 permeabant,
1292 2203 1475 2264 quam
1502 2192 1573 2242 ut
1609 2180 1928 2243 contrario
1963 2179 2148 2260 sagit.
2248 2189 2259 2222 ¹

190 2286 400 2354 tarum
443 2273 608 2340 iastu
658 2278 1165 2360 adaequarentur.
1294 2275 1455 2340 Dein
1498 2292 1659 2359 pons
1707 2274 2146 2362 contiiiuatu5‚

190 2371 520 2453 collesque
555 2370 790 2433 adversi
811 2368 928 2455 per
946 2372 1139 2436 socias
1155 2372 1476 2448 cohortes,
1523 2371 1658 2455 post
1690 2366 2017 2452 legionum
2048 2390 2146 2431 ca-

188 2472 326 2536 stris
357 2480 769 2553 occupantur,
813 2481 984 2533 tanta
1010 2474 1335 2535 celeritate
1366 2485 1433 2533 et
1461 2472 1880 2534 ostentatione
1898 2469 2145 2547 virium,
2242 2514 2251 2520 -

185 2562 504 2641 utParthi,
534 2564 755 2628 omifl'o
777 2578 992 2648 paratu
1018 2568 1400 2629 invadendae
1415 2565 1661 2651 Syriae,
1690 2566 1856 2650 spem
1885 2583 2140 2627 omnem

184 2663 256 2727 in
286 2660 649 2724 Armeniam
679 2672 1018 2724 verterent.
1103 2662 1192 2725 Ibi
1224 2662 1448 2726 Paetus
1467 2706 1483 2737 ,
1545 2663 2006 2725 imminentium
2035 2680 2139 2722 ne-
2203 2647 2284 2698 ¹0

180 2760 387 2834 scine,
430 2759 708 2841 quintam
737 2758 1060 2857 legiornem
1086 2758 1322 2843 procul·
1350 2760 1418 2820 in
1447 2759 1651 2823 Ponto
1694 2760 1989 2833 habebam
2044 2776 2142 2821 re·

182 2857 391 2938 liquas
431 2853 794 2937 promiscuis
846 2858 1118 2920 militum
1176 2858 1627 2920 commeatibus
1663 2856 2140 2931 -infirmaverau

182 2954 425 3025 donec,
470 2950 804 3012 adventare
836 2950 1197 3035 Vologesen
1229 2971 1460 3032 magno
1495 2968 1562 3014 et
1594 2953 1831 3016 infenso
1862 2953 2136 3039 agmine,

185 3045 489 3107 auditum.
574 3042 836 3106 Accitur
863 3047 1037 3129 legio
1066 3048 1467 3122 duodecima,
1517 3058 1617 3122 et,
1659 3051 1682 3080 ¹
1711 3051 1876 3125 unde
1906 3052 2137 3113 famam

173 3139 358 3221 ¹aufi‘ti
399 3140 715 3203 exercitus
755 3140 1138 3224 speraverat,
1205 3145 1452 3228 prodita
1490 3143 1940 3228 infrequentia:
2013 3164 2137 3229 qua

1101 3242 1108 3255 ’
1263 3236 1320 3301 D
1344 3238 1437 3300 dd
1483 3252 1520 3299 2
1924 3252 2137 3305 tamen

261 3435 285 3477 1
332 3424 513 3489 Spretis
548 3418 819 3484 ominibus]
895 3422 977 3475 Sic
1017 3418 1128 3477 edd.
1197 3420 1371 3492 potius
1408 3426 1622 3479 correxit
1641 3422 1827 3491 famam
1839 3420 2132 3489 speraverat.

184 3510 367 3547 omnes
411 3492 526 3545 inde
570 3510 598 3542 a
648 3492 945 3543 Puteolano.
1020 3497 1128 3546 MS.
1196 3498 1365 3562 Atque
1395 3497 1463 3546 ita
1505 3513 1681 3546 omnes
1724 3497 1832 3562 post
1875 3513 1987 3544 eum
2030 3499 2137 3545 edi-

179 3565 449 3617 Guelfxd.
481 3581 555 3627 pr.
584 3562 812 3621 omnibus,
840 3554 982 3611 solita
1010 3562 1127 3611 isto·
1197 3567 1333 3615 dere.
1432 3569 1482 3616 ln
1513 3566 1737 3615 Rhenani
1756 3552 1861 3612 ³ed.
1901 3563 1993 3612 sec.
2028 3567 2136 3615 edi·

186 3651 301 3686 tum
321 3632 587 3681 verborum
604 3616 926 3680 confusione:
970 3630 1017 3680 id
1048 3632 1126 3680 vi·
1196 3649 1337 3689 turn,
1387 3633 1552 3683 nescio
1594 3650 1688 3697 qua
1720 3634 1782 3679 de
1812 3633 2000 3689 caussa,
2047 3646 2134 3683 aut

117 3696 124 3707 ”
185 3705 319 3754 tium
347 3701 496 3747 etiam
528 3697 593 3745 est
619 3696 669 3746 in
698 3702 773 3748 ed.
800 3703 840 3750 1.
867 3700 919 3750 F.
950 3700 1120 3750 Gron.
1192 3706 1359 3757 unde,
1386 3698 1580 3761 sperat,
1614 3701 1749 3763 quod
1781 3700 1973 3764 Lipsius
2002 3718 2135 3750 cete·

260 3781 285 3818 1
336 3767 475 3815 Vnde
495 3762 677 3827 famam
702 3773 810 3827 eta]
853 3770 960 3819 ΜΞ.
993 3764 1125 3819 flor.
1194 3774 1338 3833 rique
1368 3782 1552 3817 temere
1594 3784 1769 3816 omnes
1812 3766 1966 3818 secuti
2006 3769 2134 3820 sunt.

184 3838 272 3890 nd.
308 3854 379 3899 pt.
402 3833 535 3897 sama
556 3830 848 3894 speraverat.
887 3840 1023 3901 quod
1051 3852 1128 3886 re·
1193 3838 1296 3900 Ego
1329 3839 1514 3885 inter-ei
1543 3848 1759 3884 veterem
1779 3838 2042 3886 lestionem
2064 3856 2139 3885 re·-

179 3910 262 3957 Ue
292 3907 330 3954 l.
356 3903 647 3952 Gronovius
673 3916 849 3951 monet
873 3908 1127 3967 corrigen-
1194 3904 1357 3970 posui.
1410 3908 1641 3953 Ceterum
1664 3906 1799 3966 somn
1819 3906 2009 3967 sperato
2034 3915 2134 3956 erat

181 3972 474 4025 durnfuisl‘e
493 3969 627 4032 fama
644 3966 834 4031 [perata
865 3984 977 4019 emt.
1043 3975 1123 4023 Sic
1190 3989 1367 4022 verum
1406 3982 1553 4037 puto·
1658 3972 1985 4037 Infreqneutia
2042 3976 2135 4025 int.

181 4042 327 4097 XIV,
354 4040 442 4090 62.
469 4057 524 4088 ex
550 4035 674 4101 elusa
697 4048 800 4086 erat
822 4037 1002 4089 factum
1031 4043 1124 4089 elu-
1191 4040 1442 4104 signorum
1461 4059 1476 4089 ε
1526 4040 1847 4105 infrequentia
1872 4040 2006 4104 Jigna
2036 4044 2136 4093 sae·

161 4109 333 4181 seran
377 4104 470 4163 ubi
495 4108 630 4158 vide.
697 4107 796 4158 Sed
819 4107 1124 4177 Puteolanus
1190 4127 1258 4175 pe
1285 4109 1488 4159 Livius:
1524 4107 1623 4160 sive
1646 4113 1797 4160 etiam
1822 4112 2101 4173 legionum.

1940 4225 1972 4264 2
2017 4213 2136 4264 Tria
