2715 4721
1222 336 1229 347 1

584 544 589 547 ⁴
1529 550 1534 565 ι
1785 444 1808 550 Ξ

1855 593 1866 605 0

706 674 731 695 l

526 818 1757 1008 1“PRAEFAT10

218 1143 487 1318 Cum
535 1146 886 1228 Suetonii
938 1142 1332 1249 CaelareS,
1418 1164 1598 1227 ante
1642 1143 1798 1227 hos
1838 1166 2170 1257 quatuor
2205 1148 2332 1235 et*
2402 1132 2414 1150 ’

276 1326 292 1343 .
402 1261 678 1363 viginti
704 1283 985 1360 annos,
1043 1257 1551 1370 qualicunque
1587 1284 1763 1343 cura
1806 1287 1977 1343 mea
2024 1289 2301 1347 emen-1

215 1368 414 1451 datos
440 1369 993 1483 illustratosque
1022 1371 1442 1474 edidiss'em,
1492 1377 1644 1455 iam
1668 1392 1835 1454 tum
1865 1395 2099 1478 erant,
2149 1376 2284 1487 qui

205 1480 705 1588 hortarentur,
758 1504 847 1566 ut
881 1483 1211 1567 eandem·
1227 1511 1550 1593 operam
1581 1491 1844 1569 Taciti
1879 1486 2089 1570 libris
2135 1493 2282 1571 im-

200 1598 631 1703 penderem.
758 1598 919 1680 Sed
964 1624 1141 1681 cum
1200 1625 1367 1681 non
1422 1603 1896 1709 ignorarem,
1985 1621 2276 1712 quanto
2327 1605 2342 1617 ”

200 1708 367 1816 plus
391 1708 669 1795 laboris
699 1735 785 1793 ea
812 1715 893 1792 in
925 1737 1007 1793 re
1038 1734 1651 1819 proponeretur,
1709 1740 1940 1825 quam
1985 1718 2068 1796 in
2096 1721 2282 1797 Sue-

193 1828 413 1906 tonio
444 1821 955 1936 exhaufifi‘em,
982 1823 1076 1906 ab
1103 1851 1204 1906 eo
1250 1852 1378 1909 me
1412 1824 1726 1908 confilio
1753 1825 2282 1912 alieniffimum

192 1938 506 2021 ostendi.
640 1945 838 2022 Nam
902 1958 990 2020 ut
1043 1940 1468 2040 mitterem,
1538 1960 1855 2048 quanto,
1890 1940 2290 2024 difficilior

189 2050 734 2158 scriptoreffet
762 2057 1119 2142 Tacitus,
1177 2055 1766 2162 quantomaior
1808 2057 2067 2158 operis
2104 2080 2281 2135 mo·
2407 2108 2416 2119 ·

189 2162 336 2246 les:
402 2164 594 2247 illud
619 2170 951 2251 maxime
978 2163 1474 2276 incommodi
1502 2190 1589 2247 ea
1619 2168 1700 2248 in
1731 2187 1814 2244 re
1841 2162 2013 2265 effe,
2057 2166 2280 2277 quod

187 2278 544 2388 nondum
580 2283 980 2393 quisquam
1026 2278 1419 2363 editorum
1459 2279 1944 2387 superiorum
1992 2278 2154 2362 hoc
2196 2282 2280 2363 in

188 2393 265 2476 se
298 2391 579 2476 laboris
610 2392 1058 2501 suscepisset,
1122 2413 1211 2475 ut
1240 2393 1620 2480 editiones
1651 2413 1950 2500 veteres
1979 2418 2282 2488 accura-

188 2524 271 2589 te
295 2511 500 2588 inter
531 2508 612 2592 se
639 2504 1054 2606 conferret,
1103 2525 1208 2608 et,
1271 2506 1481 2589 unde
1509 2503 1744 2588 lestio
1774 2530 2125 2617 quaeque
2151 2532 2282 2588 na-

190 2637 267 2701 ta
300 2619 506 2723 effet,
541 2618 1008 2716 ostenderet3
1074 2646 1253 2701 cum
1269 2618 1466 2721 satis,
1492 2597 2286 2734 tqad'tandisintcrpre-

189 2733 582 2845 tandisque
625 2733 722 2826 ali
778 2738 1034 2817 uoties
1091 2737 1349 2814 Taciti
1394 2731 1643 2835 libris,
1719 2732 2281 2850 cognovissem,

189 2872 352 2929 non
381 2871 621 2954 pauca
651 2875 694 2928 e
752 2875 797 2929 e
816 2853 896 2954 in
926 2873 1201 2930 eorum
1227 2865 1632 2954 contextu,
1661 2863 1750 2927 ut
1781 2842 2088 2926 duobus
2114 2849 2282 2955 qui-

196 2960 370 3042 dem
402 2959 683 3046 abhinc
722 2959 993 3043 seculis
1039 2960 1308 3043 editus·
1334 2958 1555 3061 esset,
1611 2984 1803 3069 quae
1847 2978 2139 3039 temere
2177 2962 2279 3038 ir-

197 3074 575 3179 repserint,
633 3101 779 3156 nec
808 3101 853 3156 e
887 3071 1116 3158 bonis
1143 3071 1359 3156 libris
1393 3077 1781 3166 venerint:
1852 3090 1975 3152 tot
2016 3090 2279 3152 autem

195 3181 426 3268 libros
460 3179 583 3270 v‘el
615 3193 1096 3300 conquirere,
1134 3185 1257 3268 vel
1289 3199 1782 3293 comparare,-
1817 3209 2050 3294 quam
2076 3182 2279 3265 diffi-

195 3298 375 3401 cile,
431 3327 661 3410 quam
688 3300 1071 3383 molestiae
1102 3297 1421 3406 plenum
1450 3296 1656 3399 effer,
1712 3295 1926 3379 facile
1954 3293 2283 3412 intelligi

196 3412 425 3518 poffe.
545 3415 789 3497 Anno
816 3434 1074 3498 autem
1099 3413 1294 3519 post,
1321 3438 1502 3494 cum
1527 3416 1721 3496 ratio
1753 3411 2282 3498 institutorum

200 3551 551 3607 meorum
592 3531 692 3609 ita
729 3526 1045 3630 tuliffet,
1102 3545 1189 3608 ut
1234 3523 1530 3638 aliquot
1567 3520 1988 3608 Annalium
2035 3515 2277 3602 libros

200 3637 509 3742 publicis
535 3645 615 3720 in
630 3641 1047 3722 Academia
1079 3635 1539 3722 lestionibus
1566 3662 2012 3740 enarrarem,
2041 3629 2279 3732 anim-

203 3750 491 3866 adversa
524 3750 1180 3860 exemplariumin
1226 3750 1550 3834 tabernis
1592 3750 1906 3834 librariis
1952 3751 2279 3855 paucita-

207 3881 314 3965 te,
356 3867 558 3948 serio
587 3889 900 3973 rogatus
932 3868 1135 3970 sum,
1191 3886 1278 3947 ut
1319 3866 1401 3948 id
1444 3869 1699 3947 oneris
1739 3858 1933 3950 rnihi
1978 3881 2278 3968 paterer

207 3977 512 4082 imponi,
542 3999 621 4062 et
649 4006 934 4070 novam
947 3987 1202 4063 Taciti
1236 3979 1659 4063 editionem
1686 4002 2047 4059 curarem.
2133 3979 2280 4060 Re-

211 4111 421 4200 cepto
454 4093 766 4193 tandem
788 4100 1147 4204 negotio,
1178 4113 1351 4179 ante
1381 4095 1636 4177 omnia
1668 4116 1978 4175 mecum
2008 4086 2281 4210 consti-

1247 4232 1291 4287 ιι
1340 4235 1384 4289 2
2128 4221 2239 4276 *m
